@Manual{R-animation,
  title = {animation: A gallery of animations in statistics and utilities to create
animations},
  author = {Yihui Xie},
  year = {2012},
  note = {R package version 2.1.1},
  url = {https://github.com/yihui/animation},
}
@Manual{R-base,
  title = {R: A Language and Environment for Statistical Computing},
  author = {{R Core Team}},
  organization = {R Foundation for Statistical Computing},
  address = {Vienna, Austria},
  year = {2013},
  note = {{ISBN} 3-900051-07-0},
  url = {http://www.R-project.org/},
}
@Manual{R-cacheSweave,
  title = {cacheSweave: Tools for caching Sweave computations},
  author = {Roger D. Peng},
  year = {2012},
  note = {R package version 0.6-1},
  url = {http://CRAN.R-project.org/package=cacheSweave},
}
@Manual{R-codetools,
  title = {codetools: Code Analysis Tools for R},
  author = {Luke Tierney},
  year = {2011},
  note = {R package version 0.2-8},
  url = {http://CRAN.R-project.org/package=codetools},
}
@Manual{R-evaluate,
  title = {evaluate: Parsing and evaluation tools that provide more details than the
default.},
  author = {Hadley Wickham},
  note = {R package version 0.4.3},
  year = {2013},
}
@Manual{R-filehash,
  title = {filehash: Simple key-value database},
  author = {Roger D. Peng},
  year = {2012},
  note = {R package version 2.2-1},
  url = {http://CRAN.R-project.org/package=filehash},
}
@Manual{R-formatR,
  title = {formatR: Format R Code Automatically},
  author = {Yihui Xie},
  year = {2012},
  note = {R package version 0.7},
  url = {http://yihui.name/formatR},
}
@Manual{R-ggplot2,
  title = {ggplot2: An implementation of the Grammar of Graphics},
  author = {Hadley Wickham and Winston Chang},
  year = {2013},
  note = {R package version 0.9.3.1},
  url = {http://CRAN.R-project.org/package=ggplot2},
}
@Manual{R-highlight,
  title = {highlight: Syntax highlighter},
  author = {Romain Francois},
  year = {2012},
  note = {R package version 0.3.2},
  url = {http://CRAN.R-project.org/package=highlight},
}
@Manual{R-knitr,
  title = {knitr: A general-purpose package for dynamic report generation in R},
  author = {Yihui Xie},
  year = {2013},
  note = {R package version 1.1},
  url = {http://yihui.name/knitr/},
}
@Manual{R-MASS,
  title = {MASS: Support Functions and Datasets for Venables and Ripley's MASS},
  author = {Brian Ripley},
  year = {2013},
  note = {R package version 7.3-23},
  url = {http://CRAN.R-project.org/package=MASS},
}
@Manual{R-pgfSweave,
  title = {pgfSweave: Quality speedy graphics compilation and caching with Sweave},
  author = {Cameron Bracken and Charlie Sharpsteen},
  year = {2012},
  note = {R package version 1.3.0},
  url = {http://CRAN.R-project.org/package=pgfSweave},
}
@Manual{R-rgl,
  title = {rgl: 3D visualization device system (OpenGL)},
  author = {Daniel Adler and Duncan Murdoch},
  year = {2013},
  note = {R package version 0.93.929/r929},
  url = {http://R-Forge.R-project.org/projects/rgl/},
}
@Manual{R-tikzDevice,
  title = {tikzDevice: R Graphics Output in LaTeX Format},
  author = {Charlie Sharpsteen and Cameron Bracken},
  year = {2012},
  note = {R package version 0.6.3/r49},
  url = {http://R-Forge.R-project.org/projects/tikzdevice/},
}
